<record xmlns="http://www.loc.gov/MARC21/slim" xmlns:xsi="http://www.w3.org/2001/XMLSchema-instance" xsi:schemaLocation="http://www.loc.gov/MARC21/slim http://www.loc.gov/standards/marcxml/schema/MARC21slim.xsd"><leader>01333nam a2200313   4500</leader><controlfield tag="001">001677026</controlfield><controlfield tag="003">NNU</controlfield><controlfield tag="006">m        d        </controlfield><controlfield tag="007">cr cn |||m|||a</controlfield><controlfield tag="008">140707s1949    ua      ob    001 0 ara d</controlfield><datafield ind1=" " ind2=" " tag="040"><subfield code="a">NNU</subfield><subfield code="b">eng</subfield><subfield code="c">NNU</subfield></datafield><datafield ind1="0" ind2=" " tag="100"><subfield code="a">Aristotle.</subfield></datafield><datafield ind1="1" ind2="0" tag="240"><subfield code="a">De anima.</subfield><subfield code="l">Arabic</subfield></datafield><datafield ind1="1" ind2="0" tag="245"><subfield code="a">Kit&#257;b al-Nafs</subfield><subfield code="h">[electronic resource] /</subfield><subfield code="c">li-Aris&#7789;&#363;&#7789;&#257;l&#299;s ; naqalahu il&#225; al-&#699;Arab&#299;yah A&#7717;mad Fu&#700;&#257;d al-Ahw&#257;n&#299; ; r&#257;ja&#699;ahu &#699;al&#225; al-y&#363;n&#257;n&#299;yah J&#363;rj Shi&#7717;&#257;tah Qanaw&#257;t&#299;.</subfield></datafield><datafield ind1="1" ind2="0" tag="246"><subfield code="a">Nafs</subfield></datafield><datafield ind1=" " ind2=" " tag="250"><subfield code="a">al-&#7788;ab&#699;ah 1.</subfield></datafield><datafield ind1=" " ind2=" " tag="260"><subfield code="a">[Cairo] :</subfield><subfield code="b">D&#257;r I&#7717;y&#257;&#700; al-Kutub al-&#699;Arab&#299;yah,</subfield><subfield code="c">1949.</subfield></datafield><datafield ind1=" " ind2=" " tag="300"><subfield code="a">online resource (15, 161 p.)</subfield></datafield><datafield ind1=" " ind2=" " tag="500"><subfield code="a">Part of the Arabic Collections Online (ACO) project, contributed by New York Univeristy Libraries.</subfield></datafield><datafield ind1=" " ind2=" " tag="504"><subfield code="a">Includes bibliographical references and index.</subfield></datafield><datafield ind1=" " ind2=" " tag="533"><subfield code="a">Electronic reproduction.</subfield><subfield code="b">New York, N.Y. :</subfield><subfield code="c">New York University,</subfield><subfield code="d">2014.</subfield><subfield code="5">NNU</subfield></datafield><datafield ind1=" " ind2="0" tag="650"><subfield code="a">Zoology</subfield><subfield code="v">Pre-Linnean works.</subfield></datafield><datafield ind1="1" ind2=" " tag="700"><subfield code="a">Ahw&#257;n&#299;, A&#7717;mad Fu&#700;&#257;d,</subfield><subfield code="d">d. 1970.</subfield></datafield><datafield ind1="1" ind2=" " tag="700"><subfield code="a">Anawati, Georges C.,</subfield><subfield code="d">1905-</subfield></datafield><datafield ind1="2" ind2=" " tag="710"><subfield code="a">New York University.</subfield><subfield code="b">Libraries.</subfield></datafield><datafield ind1="0" ind2=" " tag="730"><subfield code="a">Arabic Collections Online.</subfield></datafield><datafield ind1="0" ind2="8" tag="776"><subfield code="i">Print version:</subfield><subfield code="a">Aristotle.</subfield><subfield code="t">Kit&#257;b al-Nafs</subfield><subfield code="w">(NNU)001677026</subfield></datafield><datafield ind1="4" ind2="0" tag="856"><subfield code="u">http://hdl.handle.net/2333.1/1vhhmjg5</subfield></datafield><datafield ind1=" " ind2=" " tag="959"><subfield code="a">NNU</subfield><subfield code="b">WEB</subfield><subfield code="c">GENI</subfield><subfield code="t">0</subfield><subfield code="m">Electronic access</subfield><subfield code="s">01</subfield></datafield></record>